@misc{ wiki:3DXpoint,
   author = "Wikipedia",
   title = "3D XPoint --- Wikipedia{,} The Free Encyclopedia",
   year = "2015",
   url = "https://en.wikipedia.org/w/index.php?title=3D_XPoint&oldid=683588774",
   note = "[Online; accessed 24-November-2015]"
}

@ARTICLE{Chang:2010, 
	author={Li-Pin Chang}, 
	journal={Computers, IEEE Transactions on}, 
	title={A Hybrid Approach to NAND-Flash-Based Solid-State Disks}, 
	year={2010}, 
	volume={59}, 
	number={10}, 
	pages={1337-1349}, 
	keywords={flash memories;logic design;MLC NAND flash;NAND-flash-based solid-state disks;SLC NAND flash;SSD design;flash-memory applications;Ash;Clustering algorithms;Computers;Ferroelectric films;Nonvolatile memory;Radiation detectors;Random access memory;Flash memory;file systems;solid-state disks.;storage systems}, 
	doi={10.1109/TC.2010.14}, 
	ISSN={0018-9340}, 
	month={Oct},}

@article{Wu:2010,
	author = {Wu, Chin-Hsien},
	title = {A Self-adjusting Flash Translation Layer for Resource-limited Embedded Systems},
	journal = {ACM Trans. Embed. Comput. Syst.},
	issue_date = {March 2010},
	volume = {9},
	number = {4},
	month = apr,
	year = {2010},
	issn = {1539-9087},
	pages = {31:1--31:26},
	articleno = {31},
	numpages = {26},
	%url = {http://doi.acm.org/10.1145/1721695.1721697},
	doi = {10.1145/1721695.1721697},
	acmid = {1721697},
	publisher = {ACM},
	address = {New York, NY, USA},
	keywords = {Flash memory, embedded systems, flash translation layer, storage systems},
}

@article{Chang:2012,
	author = {Chang, Yuan-Hao and Wu, Po-Liang and Kuo, Tei-Wei and Hung, Shih-Hao},
	title = {An Adaptive File-system-oriented FTL Mechanism for Flash-memory Storage Systems},
	journal = {ACM Trans. Embed. Comput. Syst.},
	issue_date = {March 2012},
	volume = {11},
	number = {1},
	month = apr,
	year = {2012},
	issn = {1539-9087},
	pages = {9:1--9:19},
	articleno = {9},
	numpages = {19},
	%url = {http://doi.acm.org/10.1145/2146417.2146426},
	doi = {10.1145/2146417.2146426},
	acmid = {2146426},
	publisher = {ACM},
	address = {New York, NY, USA},
	keywords = {MLC flash memory, NAND flash memory, NTFS, address translation, ext2, file systems, performance enhancement, solid-state drives},
} 

@article{Zilberberg:2013,
	author = {Zilberberg, Omer and Weiss, Shlomo and Toledo, Sivan},
	title = {Phase-change Memory: An Architectural Perspective},
	journal = {ACM Comput. Surv.},
	issue_date = {June 2013},
	volume = {45},
	number = {3},
	month = jul,
	year = {2013},
	issn = {0360-0300},
	pages = {29:1--29:33},
	articleno = {29},
	numpages = {33},
	%url = {http://doi.acm.org/10.1145/2480741.2480746},
	doi = {10.1145/2480741.2480746},
	acmid = {2480746},
	publisher = {ACM},
	address = {New York, NY, USA},
	keywords = {Computer architecture, hybrid memory systems, main memory, phase change memory},
}

@inproceedings{Doh:2007,
	author = {Doh, In Hwan and Choi, Jongmoo and Lee, Donghee and Noh, Sam H.},
	title = {Exploiting Non-volatile RAM to Enhance Flash File System Performance},
	booktitle = {Proceedings of the 7th ACM \&Amp; IEEE International Conference on Embedded Software},
	series = {EMSOFT '07},
	year = {2007},
	isbn = {978-1-59593-825-1},
	location = {Salzburg, Austria},
	pages = {164--173},
	numpages = {10},
	%url = {http://doi.acm.org/10.1145/1289927.1289955},
	doi = {10.1145/1289927.1289955},
	acmid = {1289955},
	publisher = {ACM},
	address = {New York, NY, USA},
	keywords = {experimental evaluation, file system, flash memory, metadata, non-volatile RAM},
}

@article{Kim:2012,
	author = {Kim, Hyojun and Agrawal, Nitin and Ungureanu, Cristian},
	title = {Revisiting Storage for Smartphones},
	journal = {Trans. Storage},
	issue_date = {November 2012},
	volume = {8},
	number = {4},
	month = dec,
	year = {2012},
	issn = {1553-3077},
	pages = {14:1--14:25},
	articleno = {14},
	numpages = {25},
	%url = {http://doi.acm.org/10.1145/2385603.2385607},
	doi = {10.1145/2385603.2385607},
	acmid = {2385607},
	publisher = {ACM},
	address = {New York, NY, USA},
	keywords = {Android, Storage systems, mobile, mobile storage, smartphones},
} 

@article{Thekkath:1994,
	doi = {10.1002/spe.4380241102},
	%url = {http://dx.doi.org/10.1002/spe.4380241102},
	year  = {1994},
	month = {nov},
	publisher = {Wiley-Blackwell},
	volume = {24},
	number = {11},
	pages = {981--999},
	author = {Chandramohan A. Thekkath and John Wilkes and Edward D. Lazowska},
	title = {Techniques for file system simulation},
	journal = {Softw: Pract. Exper.}
}

@ARTICLE{Ganger:1998, 
	author={Ganger, G.R. and Patt, Y.N.}, 
	journal={Computers, IEEE Transactions on}, 
	title={Using system-level models to evaluate I/O subsystem designs}, 
	year={1998}, 
	volume={47}, 
	number={6}, 
	pages={667-678}, 
	keywords={digital simulation;performance evaluation;systems analysis;I/O subsystem designs evaluation;overall system performance;performance effects;performance evaluation;standalone subsystem models;system behavior;system performance;system-level model;system-level models;system-level simulation model;Central Processing Unit;Computational modeling;Computer Society;Computer simulation;Delay;Feedback;Particle measurements;Predictive models;System performance;Throughput}, 
	doi={10.1109/12.689646}, 
	ISSN={0018-9340}, 
	month={Jun},}

@article{Rosenblum:1995,
	author = {Rosenblum, Mendel and Herrod, Stephen A. and Witchel, Emmett and Gupta, Anoop},
	title = {Complete Computer System Simulation: The SimOS Approach},
	journal = {IEEE Parallel Distrib. Technol.},
	issue_date = {December 1995},
	volume = {3},
	number = {4},
	month = dec,
	year = {1995},
	issn = {1063-6552},
	pages = {34--43},
	numpages = {10},
	%url = {http://dx.doi.org/10.1109/88.473612},
	doi = {10.1109/88.473612},
	acmid = {613919},
	publisher = {IEEE Computer Society Press},
	address = {Los Alamitos, CA, USA},
} 

@inproceedings{Gibson:2000,
	author = {Gibson, Jeff and Kunz, Robert and Ofelt, David and Horowitz, Mark and Hennessy, John and Heinrich, Mark},
	title = {FLASH vs. (Simulated) FLASH: Closing the Simulation Loop},
	booktitle = {Proceedings of the Ninth International Conference on Architectural Support for Programming Languages and Operating Systems},
	series = {ASPLOS IX},
	year = {2000},
	isbn = {1-58113-317-0},
	location = {Cambridge, Massachusetts, USA},
	pages = {49--58},
	numpages = {10},
	%url = {http://doi.acm.org/10.1145/378993.379000},
	doi = {10.1145/378993.379000},
	acmid = {379000},
	publisher = {ACM},
	address = {New York, NY, USA},
} 

@INPROCEEDINGS{Gutierrez:2014, 
	author={Gutierrez, A. and Pusdesris, J. and Dreslinski, R.G. and Mudge, T. and Sudanthi, C. and Emmons, C.D. and Hayenga, M. and Paver, N.}, 
	booktitle={Performance Analysis of Systems and Software (ISPASS), 2014 IEEE International Symposium on}, 
	title={Sources of error in full-system simulation}, 
	year={2014}, 
	pages={13-22}, 
	keywords={digital simulation;statistical analysis;system-on-chip;ARM Versatile Express TC2 development board;PARSEC benchmarks;SPEC CPU2006 benchmarks;dual-core run;error sources;full-system simulation;gem5 computer simulator;gem5 configuration;microarchitectural statistics;single-core run;Accuracy;Benchmark testing;Hardware;Pipelines;Prefetching;Registers;Runtime;computer architecture;computer simulation}, 
	doi={10.1109/ISPASS.2014.6844457}, 
	month={March},}

@INPROCEEDINGS{Eklov:2011, 
	author={Eklov, D. and Nikoleris, N. and Black-Schaffer, D. and Hagersten, E.}, 
	booktitle={Parallel Processing (ICPP), 2011 International Conference on}, 
	title={Cache Pirating: Measuring the Curse of the Shared Cache}, 
	year={2011}, 
	pages={165-175}, 
	keywords={cache storage;Nehalem based test system;Pirate application;Target application;application performance measurement;cache pirating;off-chip bandwidth measurement;performance counter;shared cache capacity;Bandwidth;Benchmark testing;Hardware;Instruction sets;Radiation detectors;Size measurement;Throughput;cache performance;memory bandwidth;memory system;multicore performance;performance analysis}, 
	doi={10.1109/ICPP.2011.15}, 
	ISSN={0190-3918}, 
	month={Sept},}

@INPROCEEDINGS{Butko:2012, 
	author={Butko, A. and Garibotti, R. and Ost, L. and Sassatelli, G.}, 
	booktitle={Reconfigurable Communication-centric Systems-on-Chip (ReCoSoC), 2012 7th International Workshop on}, 
	title={Accuracy evaluation of GEM5 simulator system}, 
	year={2012}, 
	pages={1-7}, 
	keywords={discrete event simulation;embedded systems;instruction sets;multiprocessing systems;CPU-centric systems;DSE;GEM5 simulator system accuracy evaluation;binary translation techniques;design space exploration;high-level hardware prototyping models;instruction-set simulators;multicore embedded system;quasicycle level accuracy;real-time simulation speed;Accuracy;Benchmark testing;Computer architecture;Hardware;Kernel;Object oriented modeling;GEM5;embedded system;modeling and full-system simulation}, 
	doi={10.1109/ReCoSoC.2012.6322869}, 
	month={July},}

@inproceedings{Griffin:2000,
	author = {Griffin, John Linwood and Schlosser, Steven W. and Ganger, Gregory R. and Nagle, David F.},
	title = {Modeling and Performance of MEMS-based Storage Devices},
	booktitle = {Proceedings of the 2000 ACM SIGMETRICS International Conference on Measurement and Modeling of Computer Systems},
	series = {SIGMETRICS '00},
	year = {2000},
	isbn = {1-58113-194-1},
	location = {Santa Clara, California, USA},
	pages = {56--65},
	numpages = {10},
	%url = {http://doi.acm.org/10.1145/339331.339354},
	doi = {10.1145/339331.339354},
	acmid = {339354},
	publisher = {ACM},
	address = {New York, NY, USA},
}

@article{Griffin:2000:article,
	author = {Griffin, John Linwood and Schlosser, Steven W. and Ganger, Gregory R. and Nagle, David F.},
	title = {Modeling and Performance of MEMS-based Storage Devices},
	journal = {SIGMETRICS Perform. Eval. Rev.},
	issue_date = {June 2000},
	volume = {28},
	number = {1},
	month = jun,
	year = {2000},
	issn = {0163-5999},
	pages = {56--65},
	numpages = {10},
	%url = {http://doi.acm.org/10.1145/345063.339354},
	doi = {10.1145/345063.339354},
	acmid = {339354},
	publisher = {ACM},
	address = {New York, NY, USA},
}

@inproceedings{Griffin:2002,
	author = {Griffin, John Linwood and Schindler, Jiri and Schlosser, Steven W. and Bucy, John S. and Ganger, Gregory R.},
	title = {Timing-accurate Storage Emulation},
	booktitle = {Proceedings of the 1st USENIX Conference on File and Storage Technologies},
	series = {FAST'02},
	year = {2002},
	location = {Monterey, CA},
	pages = {6--6},
	numpages = {1},
	url = {http://dl.acm.org/citation.cfm?id=1973333.1973339},
	acmid = {1973339},
	publisher = {USENIX Association},
	address = {Berkeley, CA, USA},
}

@inproceedings{Gupta:2006,
	author = {Gupta, Diwaker and Yocum, Kenneth and McNett, Marvin and Snoeren, Alex C. and Vahdat, Amin and Voelker, Geoffrey M.},
	title = {To Infinity and Beyond: Time-warped Network Emulation},
	booktitle = {Proceedings of the 3rd Conference on Networked Systems Design \& Implementation - Volume 3},
	series = {NSDI'06},
	year = {2006},
	location = {San Jose, CA},
	pages = {7--7},
	numpages = {1},
	url = {http://dl.acm.org/citation.cfm?id=1267680.1267687},
	acmid = {1267687},
	publisher = {USENIX Association},
	address = {Berkeley, CA, USA},
}

@article{Traeger:2008,
	author = {Traeger, Avishay and Zadok, Erez and Joukov, Nikolai and Wright, Charles P.},
	title = {A Nine Year Study of File System and Storage Benchmarking},
	journal = {Trans. Storage},
	issue_date = {May 2008},
	volume = {4},
	number = {2},
	month = may,
	year = {2008},
	issn = {1553-3077},
	pages = {5:1--5:56},
	articleno = {5},
	numpages = {56},
	%url = {http://doi.acm.org/10.1145/1367829.1367831},
	doi = {10.1145/1367829.1367831},
	acmid = {1367831},
	publisher = {ACM},
	address = {New York, NY, USA},
	keywords = {Benchmarks, file systems, storage systems},
}

@inproceedings{Witchel:1996,
	author = {Witchel, Emmett and Rosenblum, Mendel},
	title = {Embra: Fast and Flexible Machine Simulation},
	booktitle = {Proceedings of the 1996 ACM SIGMETRICS International Conference on Measurement and Modeling of Computer Systems},
	series = {SIGMETRICS '96},
	year = {1996},
	isbn = {0-89791-793-6},
	location = {Philadelphia, Pennsylvania, USA},
	pages = {68--79},
	numpages = {12},
	%url = {http://doi.acm.org/10.1145/233013.233025},
	doi = {10.1145/233013.233025},
	acmid = {233025},
	publisher = {ACM},
	address = {New York, NY, USA},
} 

@article{Witchel:1996:article,
	author = {Witchel, Emmett and Rosenblum, Mendel},
	title = {Embra: Fast and Flexible Machine Simulation},
	journal = {SIGMETRICS Perform. Eval. Rev.},
	issue_date = {May 1996},
	volume = {24},
	number = {1},
	month = may,
	year = {1996},
	issn = {0163-5999},
	pages = {68--79},
	numpages = {12},
	%url = {http://doi.acm.org/10.1145/233008.233025},
	doi = {10.1145/233008.233025},
	acmid = {233025},
	publisher = {ACM},
	address = {New York, NY, USA},
}

@article{Rosenblum:1997,
	author = {Rosenblum, Mendel and Bugnion, Edouard and Devine, Scott and Herrod, Stephen A.},
	title = {Using the SimOS Machine Simulator to Study Complex Computer Systems},
	journal = {ACM Trans. Model. Comput. Simul.},
	issue_date = {Jan. 1997},
	volume = {7},
	number = {1},
	month = jan,
	year = {1997},
	issn = {1049-3301},
	pages = {78--103},
	numpages = {26},
	%url = {http://doi.acm.org/10.1145/244804.244807},
	doi = {10.1145/244804.244807},
	acmid = {244807},
	publisher = {ACM},
	address = {New York, NY, USA},
	keywords = {computer architecture, computer simulation, computer system performance analysis, operating systems},
}

@MISC{Bucy:2008,
	author = {John S. Bucy and Jiri Schindler and Steven W. Schlosser and Gregory R. Ganger},
	title = {The DiskSim Simulation Environment Version 4.0 Reference Manual},
	year = {2008}
}

@inproceedings{ElMaghraoui:2010,
	author = {El Maghraoui, Kaoutar and Kandiraju, Gokul and Jann, Joefon and Pattnaik, Pratap},
	title = {Modeling and Simulating Flash Based Solid-state Disks for Operating Systems},
	booktitle = {Proceedings of the First Joint WOSP/SIPEW International Conference on Performance Engineering},
	series = {WOSP/SIPEW '10},
	year = {2010},
	isbn = {978-1-60558-563-5},
	location = {San Jose, California, USA},
	pages = {15--26},
	numpages = {12},
	%url = {http://doi.acm.org/10.1145/1712605.1712611},
	doi = {10.1145/1712605.1712611},
	acmid = {1712611},
	publisher = {ACM},
	address = {New York, NY, USA},
	keywords = {modeling, nand flash memory, simulator, solid state disks (ssd)},
}

@ARTICLE{Lee:2012, 
	author={Ying-Chieh Lee and Chin-Ting Kuo and Li-Pin Chang}, 
	journal={Embedded Systems Letters, IEEE}, 
	title={Design and Implementation of a Virtual Platform of Solid-State Disks}, 
	year={2012}, 
	volume={4}, 
	number={4}, 
	pages={90-93}, 
	keywords={firmware;flash memories;hard discs;user interfaces;virtual storage;SSD firmware prototyping;SSD hardware prototyping;SSD logical instance;SSD simulation tool;block read-write;flash chip organization;flash management algorithm;host system;host-device interaction;programming interface;realistic I/O latency;solid-state disks;virtual disk;virtual platform;Prototypes;Simulation;Virtual prototyping;Prototyping;simulation;solid-state disk}, 
	doi={10.1109/LES.2012.2213795}, 
	ISSN={1943-0663}, 
	month={Dec},}

@article{Agrawal:2012,
	author = {Agrawal, Nitin and Arulraj, Leo and Arpaci-Dusseau, Andrea C. and Arpaci-Dusseau, Remzi H.},
	title = {Emulating Goliath Storage Systems with David},
	journal = {Trans. Storage},
	issue_date = {January 2012},
	volume = {7},
	number = {4},
	month = feb,
	year = {2012},
	issn = {1553-3077},
	pages = {12:1--12:21},
	articleno = {12},
	numpages = {21},
	%url = {http://doi.acm.org/10.1145/2078861.2078862},
	doi = {10.1145/2078861.2078862},
	acmid = {2078862},
	publisher = {ACM},
	address = {New York, NY, USA},
	keywords = {Storage systems, emulation, file systems, scalability},
}

@INPROCEEDINGS{Yoo:2013, 
	author={Jinsoo Yoo and Youjip Won and Joongwoo Hwang and Sooyong Kang and Jongmoo Choi and Sungroh Yoon and Jaehyuk Cha}, 
	booktitle={Mass Storage Systems and Technologies (MSST), 2013 IEEE 29th Symposium on}, 
	title={VSSIM: Virtual machine based SSD simulator}, 
	year={2013}, 
	pages={1-14}, 
	keywords={NAND circuits;flash memories;IO size distribution;NAND based storage device;NAND cell;QEMU/KVM;SSD firmware algorithm;VSSIM;X25M;block size;channel level parallelism;channel switch delay;mapping granularity;multichannel environment;page size;software based SSD module;trace driven simulation;virtual SSD simulator;virtual machine;way switch delay;write amplification factor;Ash;Delays;Hardware;Parallel processing;Performance evaluation;Registers;Switches}, 
	doi={10.1109/MSST.2013.6558443}, 
	ISSN={2160-195X}, 
	month={May},}

@article{Canon:1980,
	author = {Canon, M. D. and Fritz, D. H. and Howard, J. H. and Howell, T. D. and Mitoma, M. F. and Rodriquez-Rosell, J.},
	title = {A Virtual Machine Emulator for Performance Evaluation},
	journal = {Commun. ACM},
	issue_date = {Feb. 1980},
	volume = {23},
	number = {2},
	month = feb,
	year = {1980},
	issn = {0001-0782},
	pages = {71--80},
	numpages = {10},
	%url = {http://doi.acm.org/10.1145/358818.358821},
	doi = {10.1145/358818.358821},
	acmid = {358821},
	publisher = {ACM},
	address = {New York, NY, USA},
	keywords = {computer system simulation, performance evaluation, virtual machines},
}

@BOOK{Bovet:2005, 
	title={Understanding the Linux Kernel, Third Edition},
	author={Daniel P. Bovet and Marco Cesati},
	publisher={O'Reilly Media},
	year={2005},
	month={11},
	edition={3},
	isbn={9780596005658},
	url={http://amazon.com/o/ASIN/0596005652/},
	price={$59.99},
	totalpages={944},
	timestamp={2015.11.24},
}

@BOOK{Love:2010, 
	title={Linux Kernel Development (3rd Edition)},
	author={Robert Love},
	publisher={Addison-Wesley Professional},
	year={2010},
	month={7},
	edition={3},
	isbn={9780672329463},
	url={http://amazon.com/o/ASIN/0672329468/},
	price={$49.99},
	totalpages={440},
	timestamp={2015.11.24},
}

@article{Wu:2015,
	author = {Wu, Ming-Ju and Tsai, Chun-Jen},
	title = {A Storage Device Emulator for System Performance Evaluation},
	journal = {ACM Trans. Embed. Comput. Syst.},
	issue_date = {October 2015},
	volume = {14},
	number = {4},
	month = oct,
	year = {2015},
	issn = {1539-9087},
	pages = {82:1--82:27},
	articleno = {82},
	numpages = {27},
	%url = {http://doi.acm.org/10.1145/2785969},
	doi = {10.1145/2785969},
	acmid = {2785969},
	publisher = {ACM},
	address = {New York, NY, USA},
	keywords = {Storage emulation, storage evaluation},
}

@Misc{Ubuntu:2013,
	howpublished = {\url{http://www.ubuntu.com/}},
	note = {Accessed July, 2013},
	title = {Ubuntu Linux webpage},
}

@misc{ wiki:btrfs,
	author = "Wikipedia",
	title = "Btrfs --- Wikipedia{,} The Free Encyclopedia",
	year = "2015",
	url = "https://en.wikipedia.org/w/index.php?title=Btrfs&oldid=691398471",
	note = "[Online; accessed 30-November-2015]"
}


@INPROCEEDINGS{Stultz:2005,
	author = {J Stultz and N Aravamudan and D Hart},
	title = {We are not getting any younger: A new approach to time and timers},
	booktitle = {In Proceedings of the Ottawa Linux Symposium (OLS'05)},
	year = {2005},
	pages = {219--232}
}

@INPROCEEDINGS{GleixnerNiehaus:2006,
	author = {Gleixner, Thomas and Niehaus, Douglas},
	title = {Hrtimers and Beyond: Transforming the Linux Time Subsystems},
	booktitle = {Proceedings of the Ottawa Linux Symposium},
	year = {2006}
}

@Misc{GleixnerMolnar:2006,
	author = {Gleixner, Thomas and Molnar, Ingo},
	howpublished = {\url{https://www.kernel.org/doc/Documentation/timers/hrtimers.txt}},
	note = {Accessed July, 2013},
	year = {2006},
	title = {Hrtimers - subsystem for high-resolution kernel timers},
}

@Misc{Gleixner:2007,
	author = {Gleixner, Thomas},
	howpublished = {\url{https://www.kernel.org/doc/Documentation/timers/highres.txt}},
	note = {Accessed July, 2013},
	year = {2007},
	month = feb,
	title = {High resolution timers and dynamic ticks design notes},
}

@Misc{Kerrisk:2012,
	author = {Kerrisk, Michael},
	howpublished = {\url{http://man7.org/linux/man-pages/man7/time.7.html}},
	note = {Accessed July, 2013},
	year = {2012},
	month = oct,
	title = {The Linux Programming Interface},
}

@TECHREPORT{ Intel:1997,
	author = "Intel Corporation",
	title = {"Intel Application Notes - Using the RDTSC Instruction for Performance Monitoring"},
	year = "1997",
}

@misc{ wiki:TSC,
	author = "Wikipedia",
	title = "Time Stamp Counter --- Wikipedia{,} The Free Encyclopedia",
	year = "2015",
	url = "https://en.wikipedia.org/w/index.php?title=Time_Stamp_Counter&oldid=687485852",
	note = "[Online; accessed 30-November-2015]"
}

@article{DeRosa:2006:article,
	author = {DeRosa, Peter and Shen, Kai and Stewart, Christopher and Pearson, Jonathan},
	title = {Realism and Simplicity: Disk Simulation for Instructional OS Performance Evaluation},
	journal = {SIGCSE Bull.},
	issue_date = {March 2006},
	volume = {38},
	number = {1},
	month = mar,
	year = {2006},
	issn = {0097-8418},
	pages = {308--312},
	numpages = {5},
	%url = {http://doi.acm.org/10.1145/1124706.1121436},
	doi = {10.1145/1124706.1121436},
	acmid = {1121436},
	publisher = {ACM},
	address = {New York, NY, USA},
	keywords = {disk simulation, operating systems, performance evaluation, virtual machine},
} 

@inproceedings{DeRosa:2006,
	author = {DeRosa, Peter and Shen, Kai and Stewart, Christopher and Pearson, Jonathan},
	title = {Realism and Simplicity: Disk Simulation for Instructional OS Performance Evaluation},
	booktitle = {Proceedings of the 37th SIGCSE Technical Symposium on Computer Science Education},
	series = {SIGCSE '06},
	year = {2006},
	isbn = {1-59593-259-3},
	location = {Houston, Texas, USA},
	pages = {308--312},
	numpages = {5},
	%url = {http://doi.acm.org/10.1145/1121341.1121436},
	doi = {10.1145/1121341.1121436},
	acmid = {1121436},
	publisher = {ACM},
	address = {New York, NY, USA},
	keywords = {disk simulation, operating systems, performance evaluation, virtual machine},
} 

@inproceedings{Christopher:1993,
	author = {Christopher, Wayne A. and Procter, Steven J. and Anderson, Thomas E.},
	title = {The Nachos Instructional Operating System},
	booktitle = {Proceedings of the USENIX Winter 1993 Conference Proceedings on USENIX Winter 1993 Conference Proceedings},
	series = {USENIX'93},
	year = {1993},
	location = {San Diego, California},
	pages = {4--4},
	numpages = {1},
	url = {http://dl.acm.org/citation.cfm?id=1267303.1267307},
	acmid = {1267307},
	publisher = {USENIX Association},
	address = {Berkeley, CA, USA},
}

@Misc{Pearson:2007,
	author = {Pearson, Jonathan and DeRosa, Peter and Zhao, Hongzhou and Shen, Kai},
	howpublished = {\url{http://www.cs.rochester.edu/~kshen/research/vesper/}},
	note = {Retrieved July, 2013},
	year = {2007},
	title = {Vesper 1.0 source code},
}

@Misc{Vdbench:2013,
	howpublished = {\url{http://sourceforge.net/projects/vdbench/}},
	note = {Retrieved July, 2013},
	title = {Vdbench},
}

@ARTICLE{Ruemmler:1994, 
	author={Ruemmler, C. and Wilkes, J.}, 
	journal={Computer}, 
	title={An introduction to disk drive modeling}, 
	year={1994}, 
	volume={27}, 
	number={3}, 
	pages={17-28}, 
	keywords={calibration;magnetic disc storage;simulation;I/O performance;accuracy;calibration;disk drive modeling;disk storage densities;disk system performance;effort;error factor;modeling assumptions;simulation models;Analytical models;Computational modeling;Disk drives;Disk recording;Embedded computing;Laboratories;Magnetic heads;Magnetic separation;Microprocessors;System performance}, 
	doi={10.1109/2.268881}, 
	ISSN={0018-9162}, 
	month={March},
}

@Misc{Kernel:2013,
	note = {Retrieved July, 2013},
	title = {Source code of the Linux kernel version 3.0.81},
	year = {2013},
	month = jan,
	url = {https://www.kernel.org/pub/linux/kernel/v3.x/linux-3.0.81.tar.gz}
}

@Misc{Kernel:2013:3.10source,
	note = {Retrieved Dec., 2013},
	title = {Source code of the Linux kernel version 3.10},
	year = {2013},
	month = jan,
	url = {https://www.kernel.org/pub/linux/kernel/v3.0/linux-3.10.tar.bz2}
}


@Misc{Layton:2009,
	author = {Layton, Jeffrey B.},
	note = {Accessed July, 2013},
	title = {Tuning CFQ – What Station is That?},
	year = {2009},
	month = oct,
	day = 14,
	url = {http://www.linux-mag.com/id/7572/}
}

@inproceedings{Iyer:2001,
	author = {Iyer, Sitaram and Druschel, Peter},
	title = {Anticipatory Scheduling: A Disk Scheduling Framework to Overcome Deceptive Idleness in Synchronous I/O},
	booktitle = {Proceedings of the Eighteenth ACM Symposium on Operating Systems Principles},
	series = {SOSP '01},
	year = {2001},
	isbn = {1-58113-389-8},
	location = {Banff, Alberta, Canada},
	pages = {117--130},
	numpages = {14},
	%url = {http://doi.acm.org/10.1145/502034.502046},
	doi = {10.1145/502034.502046},
	acmid = {502046},
	publisher = {ACM},
	address = {New York, NY, USA},
} 

@article{Iyer:2001:article,
	author = {Iyer, Sitaram and Druschel, Peter},
	title = {Anticipatory Scheduling: A Disk Scheduling Framework to Overcome Deceptive Idleness in Synchronous I/O},
	journal = {SIGOPS Oper. Syst. Rev.},
	issue_date = {Dec. 2001},
	volume = {35},
	number = {5},
	month = oct,
	year = {2001},
	issn = {0163-5980},
	pages = {117--130},
	numpages = {14},
	%url = {http://doi.acm.org/10.1145/502059.502046},
	doi = {10.1145/502059.502046},
	acmid = {502046},
	publisher = {ACM},
	address = {New York, NY, USA},
}

@Misc{FFmpeg:2013,
	note = {Retrieved July, 2013},
	title = {FFmpeg project webpage},
	url = {http://www.ffmpeg.org/}
}

@INPROCEEDINGS{Wu:2009, 
	author={Ming-Ju Wu and Yi-Tseng Chen and Chun-Jen Tsai}, 
	booktitle={Circuits and Systems, 2009. ISCAS 2009. IEEE International Symposium on}, 
	title={Hardware-assisted syntax decoding model for software AVC/H.264 decoders}, 
	year={2009}, 
	pages={1233-1236}, 
	keywords={computational linguistics;decoding;entropy codes;field programmable gate arrays;grammars;video coding;MPEG reconfigurable video coding;Virtex-5 FPGA development board;codec-dependent high-level syntax parser;generic entropy decoding engines;hardware entropy engines;hardware-assisted syntax decoding model;hardware-software system;macroblock data reconstruction modules;software AVC-H.264 decoders;software syntax parser;video codec standards;Acceleration;Automatic voltage control;Code standards;Decoding;Engines;Entropy;Field programmable gate arrays;Hardware;Video codecs;Video coding}, 
	doi={10.1109/ISCAS.2009.5117985}, 
	month={May},}

@INPROCEEDINGS{Wu:2015:ASAP, 
	author={Ming-Ju Wu and Yan-Ting Chen and Chun-Jen Tsai}, 
	booktitle={Application-specific Systems, Architectures and Processors (ASAP), 2015 IEEE 26th International Conference on}, 
	title={Dynamic pipeline-partitioned video decoding on symmetric stream multiprocessors}, 
	year={2015}, 
	pages={106-110}, 
	keywords={multiprocessing systems;pipeline processing;queueing theory;resource allocation;video coding;AVC-H.264 video decoder;IPC;MB;SSMP architecture;dynamic pipeline-partitioned video decoding;fine-grained software pipeline fashion;fixed pipeline-stage partitions;interprocessor communication controllers;interstage buffers;load balance;per-core scratchpad memories;processor cores;queue levels;symmetric stream multiprocessors;video macroblock decoding tasks;wavefront-based parallel video decoder;Computer architecture;Decoding;Pipeline processing;Pipelines;Process control;Software;Streaming media;Symmetric stream multiprocessor (SSMP);dynamic load balance;dynamic software pipeline;parallel video decoding}, 
	doi={10.1109/ASAP.2015.7245716}, 
	month={July},}

@manual{Intel:2013,
	title        = {Intel 64 and IA-32 architectures software developer's manual},
	author       = {Intel}, 
	organization = {Intel Corporation},
	year         = 2013,
	note         = {Order Number: 325462-048US}
}

@misc{Kernel:2014,
	author       = {Linux kernel}, 
	title        = {ftrace - Function Tracer},
	howpublished = {\url{https://www.kernel.org/doc/Documentation/trace/ftrace.txt}},
	year         = 2014,
	note         = {Accessed June, 2014}
}

@misc{ wiki:2015:A7,
 	author = "Wikipedia",
 	title = "Apple A7 --- Wikipedia{,} The Free Encyclopedia",
 	year = "2015",
 	url = "https://en.wikipedia.org/w/index.php?title=Apple_A7&oldid=691792243",
 	note = "[Online; accessed 1-December-2015]"
}

@misc{ wiki:2015:NOOP,
 	author = "Wikipedia",
 	title = "Noop scheduler --- Wikipedia{,} The Free Encyclopedia",
 	year = "2015",
 	url = "https://en.wikipedia.org/w/index.php?title=Noop_scheduler&oldid=688052758",
 	note = "[Online; accessed 1-December-2015]"
}

@misc{ wiki:2013:CFQ,
 	author = "Wikipedia",
 	title = "CFQ --- Wikipedia{,} The Free Encyclopedia",
 	year = "2013",
 	url = "https://en.wikipedia.org/w/index.php?title=CFQ&oldid=585785991",
 	note = "[Online; accessed 1-December-2015]"
}

@misc{ZedBoard:2014,
	title        = {ZedBoard Documentations},
	howpublished = {\url{http://www.zedboard.org/product/zedboard}},
	year         = 2014,
	note         = {Accessed Jan, 2014}
}

@misc{Xilinx:2014:kernel,
	author		 = {Xilinx},
	title        = {The official Linux kernel from Xilinx},
	howpublished = {\url{https://github.com/xilinx}},
	year         = 2014,
	note         = {Retrieved Jan, 2014}
}

@misc{Linaro:2014:v13.11nano,
	author		 = {Linaro},
	title        = {Linaro 13.11 nano build},
	howpublished = {\url{http://www.linaro.org/downloads/1311}},
	year         = 2014,
	note         = {Retrieved Jan, 2014}
}

@manual{Xilinx:2013:Zynq7010,
	title        = {Zynq-7000 All Programmable SoC Technical Reference Manual},
	author       = {Xilinx}, 
	organization = {Xilinx},
	month        = sep,
	day			 = 10,
	year         = 2013,
	note         = {UG585 (v1.6.1)}
}

@misc{Kernel:2013:ARMglobalTimer,
	author       = {Linux kernel}, 
	title        = {Mainline Linux kernel source code},
	howpublished = {\url{https://www.kernel.org/}},
	year         = 2013,
	note         = {git commit: 4fc4df06f242d1738d59af865b2d5021fa76756a}
}

@INPROCEEDINGS{Wright:2005:auto-pilot,
	author = {Charles P. Wright and Nikolai Joukov and Devaki Kulkarni and Yevgeniy Miretskiy and Erez Zadok},
	title = {Auto-pilot: A platform for system software benchmarking},
	booktitle = {In Proceedings of the Annual USENIX Technical Conference, FREENIX Track},
	year = {2005}
}

@misc{Wright:2007:auto-pilot,
	author       = {Charles P. Wright and Erez Zadok}, 
	title        = {Auto-pilot benchmarking suite version 2.4},
	howpublished = {\url{http://www.filesystems.org/project-autopilot.html}},
	year         = 2013,
	note         = {Retrieved Oct., 2014}
}

@misc{Libav:2014,
	title        = {Libav open source audio and video processing tools},
	howpublished  = {\url{http://libav.org/}},
	note		 = {Accessed June, 2014},
}

@article{Wang:2007,
	doi = {10.1016/j.simpat.2006.09.013},
	%url = {http://dx.doi.org/10.1016/j.simpat.2006.09.013},
	year  = {2007},
	month = {jan},
	publisher = {Elsevier {BV}},
	volume = {15},
	number = {1},
	pages = {57--81},
	author = {S.Y. Wang and C.L. Chou and C.C. Lin},
	title = {The design and implementation of the {NCTUns} network simulation engine},
	journal = {Simulation Modelling Practice and Theory}
}

 @misc{ wiki:LEON,
 	author = "Wikipedia",
 	title = "LEON --- Wikipedia{,} The Free Encyclopedia",
 	year = "2015",
 	url = "https://en.wikipedia.org/w/index.php?title=LEON&oldid=668172830",
 	note = "[Online; accessed 3-December-2015]"
 }
 
@BOOK{Corbet:2005, 
	title={Linux Device Drivers, 3rd Edition},
	author={Jonathan Corbet and Alessandro Rubini and Greg Kroah-Hartman},
	publisher={O'Reilly Media},
	year={2005},
	month={2},
	edition={3},
	isbn={9780596005900},
	url={http://amazon.com/o/ASIN/0596005903/},
	price={$39.95},
	totalpages={640},
	timestamp={2015.12.12},
}

@BOOK{Venkateswaran:2008, 
	title={Essential Linux Device Drivers},
	author={Sreekrishnan Venkateswaran},
	publisher={Prentice Hall},
	year={2008},
	month={4},
	edition={1},
	isbn={9780132396554},
	url={http://amazon.com/o/ASIN/0132396556/},
	price={$54.99},
	totalpages={744},
	timestamp={2015.12.12},
}

 @misc{ wiki:FUSE,
 	author = "Wikipedia",
 	title = "Filesystem in Userspace --- Wikipedia{,} The Free Encyclopedia",
 	year = "2015",
 	url = "https://en.wikipedia.org/w/index.php?title=Filesystem_in_Userspace&oldid=690907337",
 	note = "[Online; accessed 12-December-2015]"
 }